@misc{hugging_face_gen,
    author={Huggin Face},
    title={How to generate text: using different decoding methods for language generation with Transformers},
    howpublished = "\url{https://huggingface.co/blog/how-to-generate}"
}

@article{context_rep,
  author       = {Matthew E. Peters and
                  Mark Neumann and
                  Mohit Iyyer and
                  Matt Gardner and
                  Christopher Clark and
                  Kenton Lee and
                  Luke Zettlemoyer},
  title        = {Deep contextualized word representations},
  journal      = {CoRR},
  volume       = {abs/1802.05365},
  year         = {2018},
  url          = {http://arxiv.org/abs/1802.05365},
  eprinttype    = {arXiv},
  eprint       = {1802.05365},
  timestamp    = {Mon, 13 Aug 2018 16:48:54 +0200},
  biburl       = {https://dblp.org/rec/journals/corr/abs-1802-05365.bib},
  bibsource    = {dblp computer science bibliography, https://dblp.org}
}
@article{bert,
  author       = {Jacob Devlin and
                  Ming{-}Wei Chang and
                  Kenton Lee and
                  Kristina Toutanova},
  title        = {{BERT:} Pre-training of Deep Bidirectional Transformers for Language
                  Understanding},
  journal      = {CoRR},
  volume       = {abs/1810.04805},
  year         = {2018},
  url          = {http://arxiv.org/abs/1810.04805},
  eprinttype    = {arXiv},
  eprint       = {1810.04805},
  timestamp    = {Tue, 30 Oct 2018 20:39:56 +0100},
  biburl       = {https://dblp.org/rec/journals/corr/abs-1810-04805.bib},
  bibsource    = {dblp computer science bibliography, https://dblp.org}
}

@article{vaswani2017attention_transformer,
  author       = {Ashish Vaswani and
                  Noam Shazeer and
                  Niki Parmar and
                  Jakob Uszkoreit and
                  Llion Jones and
                  Aidan N. Gomez and
                  Lukasz Kaiser and
                  Illia Polosukhin},
  title        = {Attention Is All You Need},
  journal      = {CoRR},
  volume       = {abs/1706.03762},
  year         = {2017},
  url          = {http://arxiv.org/abs/1706.03762},
  eprinttype    = {arXiv},
  eprint       = {1706.03762},
  timestamp    = {Sat, 23 Jan 2021 01:20:40 +0100},
  biburl       = {https://dblp.org/rec/journals/corr/VaswaniSPUJGKP17.bib},
  bibsource    = {dblp computer science bibliography, https://dblp.org}
}


@article{modeling_coverage,
  author       = {Zhaopeng Tu and
                  Zhengdong Lu and
                  Yang Liu and
                  Xiaohua Liu and
                  Hang Li},
  title        = {Coverage-based Neural Machine Translation},
  journal      = {CoRR},
  volume       = {abs/1601.04811},
  year         = {2016},
  url          = {http://arxiv.org/abs/1601.04811},
  eprinttype    = {arXiv},
  eprint       = {1601.04811},
  timestamp    = {Mon, 15 Jul 2019 14:17:41 +0200},
  biburl       = {https://dblp.org/rec/journals/corr/TuLLLL16.bib},
  bibsource    = {dblp computer science bibliography, https://dblp.org}
}