@misc{liu2019roberta,
      title={RoBERTa: A Robustly Optimized BERT Pretraining Approach}, 
      author={Yinhan Liu and Myle Ott and Naman Goyal and Jingfei Du and Mandar Joshi and Danqi Chen and Omer Levy and Mike Lewis and Luke Zettlemoyer and Veselin Stoyanov},
      year={2019},
      eprint={1907.11692},
      archivePrefix={arXiv},
      primaryClass={cs.CL}
}

@article{vaswani2017,
  author       = {Ashish Vaswani and
                  Noam Shazeer and
                  Niki Parmar and
                  Jakob Uszkoreit and
                  Llion Jones and
                  Aidan N. Gomez and
                  Lukasz Kaiser and
                  Illia Polosukhin},
  title        = {Attention Is All You Need},
  journal      = {CoRR},
  volume       = {abs/1706.03762},
  year         = {2017},
  url          = {http://arxiv.org/abs/1706.03762},
  eprinttype    = {arXiv},
  eprint       = {1706.03762},
  timestamp    = {Sat, 23 Jan 2021 01:20:40 +0100},
  biburl       = {https://dblp.org/rec/journals/corr/VaswaniSPUJGKP17.bib},
  bibsource    = {dblp computer science bibliography, https://dblp.org}
}


@misc{devlin2019bert,
      title={BERT: Pre-training of Deep Bidirectional Transformers for Language Understanding}, 
      author={Jacob Devlin and Ming-Wei Chang and Kenton Lee and Kristina Toutanova},
      year={2019},
      eprint={1810.04805},
      archivePrefix={arXiv},
      primaryClass={cs.CL}
}


@misc{hu2021lora,
      title={LoRA: Low-Rank Adaptation of Large Language Models}, 
      author={Edward J. Hu and Yelong Shen and Phillip Wallis and Zeyuan Allen-Zhu and Yuanzhi Li and Shean Wang and Lu Wang and Weizhu Chen},
      year={2021},
      eprint={2106.09685},
      archivePrefix={arXiv},
      primaryClass={cs.CL}
}

