@misc{kipf2017semisupervised,
      title={Semi-Supervised Classification with Graph Convolutional Networks}, 
      author={Thomas N. Kipf and Max Welling},
      year={2017},
      eprint={1609.02907},
      archivePrefix={arXiv},
      primaryClass={cs.LG}
}

@misc{mikolov2013efficient,
      title={Efficient Estimation of Word Representations in Vector Space}, 
      author={Tomas Mikolov and Kai Chen and Greg Corrado and Jeffrey Dean},
      year={2013},
      eprint={1301.3781},
      archivePrefix={arXiv},
      primaryClass={cs.CL}
}


@inproceedings{Perozzi_2014,
   series={KDD ’14},
   title={DeepWalk: online learning of social representations},
   url={http://dx.doi.org/10.1145/2623330.2623732},
   DOI={10.1145/2623330.2623732},
   booktitle={Proceedings of the 20th ACM SIGKDD international conference on Knowledge discovery and data mining},
   publisher={ACM},
   author={Perozzi, Bryan and Al-Rfou, Rami and Skiena, Steven},
   year={2014},
   month=aug, collection={KDD ’14}
}


